<?xml version="1.0" encoding="UTF-8"?><collection xmlns="http://www.loc.gov/MARC21/slim"><record><leader>00375nam--2200145-i-4500</leader><controlfield tag="001">000008773</controlfield><controlfield tag="002">20161230</controlfield><controlfield tag="005">20170211150308</controlfield><controlfield tag="008">060222s1000------------r-----000-0-eng-d</controlfield><datafield ind1=" " ind2=" " tag="100"><subfield code="a">Cristea, Paul</subfield></datafield><datafield ind1=" " ind2=" " tag="245"><subfield code="a">Analiza si sinteza circuitelor electrice</subfield></datafield><datafield ind1=" " ind2=" " tag="260"><subfield code="a">Bucuresti</subfield><subfield code="b">Editura Tehnica</subfield><subfield code="c">1968</subfield></datafield><datafield ind1=" " ind2=" " tag="300"><subfield code="a">571 p</subfield></datafield><datafield ind1=" " ind2=" " tag="700"><subfield code="a">Preda, Marius</subfield></datafield><datafield ind1=" " ind2=" " tag="CAT"><subfield code="a">SYS</subfield><subfield code="c">20170211</subfield><subfield code="h">150308</subfield></datafield></record></collection>